@online{unity.animationRigging,
  author   = {Unity},
  abstract = {Animation Rigging},
  title    = {Animation Rigging},
  year     = {2025},
  url      = {https://docs.unity3d.com/Packages/com.unity.animation.rigging@1.3/manual/index.html},
  urldate  = {2025-07-11}
}

@online{unity.animationRiggingManual,
  author   = {Unity},
  abstract = {Animation Rigging},
  title    = {Animation Rigging},
  year     = {2025},
  url      = {https://docs.unity.cn/Packages/com.unity.animation.rigging%400.1/manual/index.html},
  urldate  = {2025-07-11}
}

@online{characterRiggingForGames,
  author   = "{MLC Studio}",
  abstract = {Demystifying Character Rigging for Games},
  title    = {Demystifying Character Rigging for Games},
  year     = {2024},
  url      = {https://www.artstation.com/blogs/magnaludumcreatives/N44qL/demystifying-character-rigging-for-games},
  urldate  = {2025-07-11}
}

@online{riggingBasics,
  author   = "{The Upwork Team}",
  abstract = {What Is Rigging in 3D Animation? Basics and How It Works},
  title    = {What Is Rigging in 3D Animation? Basics and How It Works},
  year     = {2024},
  url      = {https://www.upwork.com/resources/3d-rigging-animation},
  urldate  = {2025-07-11}
}